<record><leader>00000cas a2200000 a 4500</leader><controlfield tag="001">31350769</controlfield><controlfield tag="007">hd bfu---baat</controlfield><controlfield tag="007">hd afu---bact</controlfield><controlfield tag="008">941025d19191934nbudn nea     0    0eng d</controlfield><datafield ind1=" " ind2=" " tag="010"><subfield code="a">sn 94056437 </subfield></datafield><datafield ind1=" " ind2=" " tag="040"><subfield code="a">NVG</subfield><subfield code="b">eng</subfield><subfield code="c">NVG</subfield><subfield code="d">OCL</subfield><subfield code="d">OCLCQ</subfield><subfield code="d">OCLCF</subfield><subfield code="d">OCLCO</subfield><subfield code="d">OCLCQ</subfield></datafield><datafield ind1=" " ind2=" " tag="042"><subfield code="a">msc</subfield></datafield><datafield ind1=" " ind2=" " tag="043"><subfield code="a">n-us-nb</subfield></datafield><datafield ind1="0" ind2="0" tag="245"><subfield code="a">Falls City daily news.</subfield></datafield><datafield ind1=" " ind2=" " tag="260"><subfield code="a">Falls City, Neb. :</subfield><subfield code="b">Davis &amp; Davis,</subfield><subfield code="c">1919-1934.</subfield></datafield><datafield ind1=" " ind2=" " tag="300"><subfield code="a">16 volumes</subfield></datafield><datafield ind1=" " ind2=" " tag="310"><subfield code="a">Daily (except Monday)</subfield></datafield><datafield ind1=" " ind2=" " tag="336"><subfield code="a">text</subfield><subfield code="b">txt</subfield><subfield code="2">rdacontent</subfield></datafield><datafield ind1=" " ind2=" " tag="337"><subfield code="a">microform</subfield><subfield code="b">h</subfield><subfield code="2">rdamedia</subfield></datafield><datafield ind1=" " ind2=" " tag="338"><subfield code="a">microfilm reel</subfield><subfield code="b">hd</subfield><subfield code="2">rdacarrier</subfield></datafield><datafield ind1="0" ind2=" " tag="362"><subfield code="a">45th year, no. 169 (July 1, 1919)-60th year, no. 84 (Apr. 11, 1934).</subfield></datafield><datafield ind1=" " ind2=" " tag="533"><subfield code="a">Microfilm.</subfield><subfield code="m">1919-1934:[Gaps]</subfield><subfield code="b">[Lincoln, Neb.] :</subfield><subfield code="c">Nebraska State Historical Society.</subfield><subfield code="e">17 microfilm reels ; 35 mm.</subfield></datafield><datafield ind1=" " ind2="0" tag="651"><subfield code="a">Falls City (Neb.)</subfield><subfield code="v">Newspapers.</subfield></datafield><datafield ind1=" " ind2="7" tag="651"><subfield code="a">Nebraska</subfield><subfield code="z">Falls City.</subfield><subfield code="2">fast</subfield><subfield code="0">(OCoLC)fst01221280</subfield></datafield><datafield ind1=" " ind2="7" tag="655"><subfield code="a">Newspapers.</subfield><subfield code="2">fast</subfield><subfield code="0">(OCoLC)fst01423814</subfield></datafield><datafield ind1=" " ind2=" " tag="752"><subfield code="a">United States</subfield><subfield code="b">Nebraska</subfield><subfield code="c">Richardson</subfield><subfield code="d">Falls City.</subfield></datafield><datafield ind1="0" ind2="0" tag="780"><subfield code="t">Falls City news</subfield><subfield code="w">(DLC)sn 94056436</subfield></datafield><datafield ind1="0" ind2="5" tag="780"><subfield code="t">Falls City times (Falls City, Neb. : 1928)</subfield><subfield code="w">(DLC)sn 94056438</subfield></datafield><datafield ind1="0" ind2="4" tag="785"><subfield code="t">Falls City journal</subfield><subfield code="w">(DLC)sn 94056389</subfield></datafield><datafield ind1="1" ind2=" " tag="029"><subfield code="a">AU@</subfield><subfield code="b">000011357969</subfield></datafield></record>